% Optional fields: author, title, howpublished, month, year, note

% Optional fields: author, title, howpublished, month, year, note
@MISC{website:libsvm,
		author = "Chang, Chih-Chung and Lin, Chih-Jen",
		title = "{LIBSVM}",
		month = "March",
		year = "2014",
		howpublished = "\url{http://www.csie.ntu.edu.tw/~cjlin/libsvm/}"
}

@MISC{website:sklearn,
	author = "Scikit-Learn",
	title = "{M}achine {L}earning in {P}ython",
	howpublished = "\url{http://scikit-learn.org}",
	month = "March",
	year = "2014"	
}

@misc{website:svm-sklearn,
      author = "Scikit-Learn",
      title = "{S}upport {V}ector {M}achines",
      month = "March",
      year = "2014",
      howpublished = "\url{http://scikit-learn.org/
      					stable/modules/svm.html}"
}

% Optional fields: author, title, howpublished, month, year, note
@MISC{website:knn-sklearn,
      author = "Scikit-Learn",
      title = "{K}{N}eighbors{C}lassifier",
      month = "March",
      year = "2014",
      howpublished = "\url{http://scikit-learn.org/stable/modules/neighbors.html}"
}

% Optional fields: author, title, howpublished, month, year, note
@MISC{website: min-wiki,
		author = "Wikipedia",
		title = "Minkowski Distance",
		month = "March",
		year = "2014",
		howpublished = "\url{http://en.wikipedia.org/wiki/Minkowski_distance}"
}

% Optional fields: volume/number, series, address, edition, month, note
@BOOK{bishop,
	author = {Bishop, Christopher M},
	title = {Pattern {R}ecognition and {M}achine {L}earning},
	publisher = {Springer},
	year = {2006}
}

% Optional fields: author, title, howpublished, month, year, note
@MISC{website:kmeans,
		author = "Scikit-Learn",
		title = "Clustering",
		howpublished = "http://scikit-learn.org/stable/modules/clustering.html"
}
% Optional fields: author, title, howpublished, month, year, note
@MISC{webiste:blog,
		author = "Langord, John",
		title = "Clever Methods of Overfitting",
		howpublished = "http://hunch.net/?p=22"	
}